<?xml version="1.0" encoding="UTF-8"?>
<collection xmlns:xsi="http://www.w3.org/2001/XMLSchema-instance" xsi:schemaLocation="http://www.loc.gov/MARC21/slim http://www.loc.gov/standards/marcxml/schema/MARC21slim.xsd" xmlns="http://www.loc.gov/MARC21/slim">
<record>
  <leader>01234cam a2200277 a 4500</leader>
  <controlfield tag="001">541858</controlfield>
  <controlfield tag="003">NNC</controlfield>
  <controlfield tag="005">20160623144116.0</controlfield>
  <controlfield tag="008">870312s1983    ir            000 0 ara d</controlfield>
  <datafield tag="035" ind1=" " ind2=" ">
    <subfield code="a">(OCoLC)27033365</subfield>
  </datafield>
  <datafield tag="035" ind1=" " ind2=" ">
    <subfield code="a">(OCoLC)ocm27033365</subfield>
  </datafield>
  <datafield tag="035" ind1=" " ind2=" ">
    <subfield code="a">(CStRLIN)NYCG87-B22293</subfield>
  </datafield>
  <datafield tag="035" ind1=" " ind2=" ">
    <subfield code="9">ACJ4232CU</subfield>
  </datafield>
  <datafield tag="035" ind1=" " ind2=" ">
    <subfield code="a">(NNC)541858</subfield>
  </datafield>
  <datafield tag="035" ind1=" " ind2=" ">
    <subfield code="a">541858</subfield>
  </datafield>
  <datafield tag="040" ind1=" " ind2=" ">
    <subfield code="a">NjP</subfield>
    <subfield code="c">NjP</subfield>
    <subfield code="d">NNC</subfield>
  </datafield>
  <datafield tag="043" ind1=" " ind2=" ">
    <subfield code="a">a-ir---</subfield>
  </datafield>
  <datafield tag="090" ind1=" " ind2=" ">
    <subfield code="a">DS325.N57</subfield>
    <subfield code="b">S38 1983</subfield>
  </datafield>
  <datafield tag="100" ind1="1" ind2=" ">
    <subfield code="a">Ṣarīfīnī, Ibrāhīm ibn Muḥammad,</subfield>
    <subfield code="d">-1243 or 1244.</subfield>
  </datafield>
  <datafield tag="240" ind1="1" ind2="0">
    <subfield code="a">Muntakhab min kitāb al-Siyāq</subfield>
  </datafield>
  <datafield tag="245" ind1="1" ind2="3">
    <subfield code="a">al-Ḥalqah al-ūlá min tārīkh Nīsābūr :</subfield>
    <subfield code="b">al-muntakhab min al-Siyāq, taʾlīf Abū al-Ḥasan ʻAbd al-Ghāfir ibn Ismāʻīl al-Fārisī /</subfield>
    <subfield code="c">intikhāb, Abū Isḥāq Ibrāhīm ibn Muḥammad ibn al-Azhar al-Ṣarīfīnī ; iʻdād Muḥammad Kāẓim al-Maḥmūdī.</subfield>
  </datafield>
  <datafield tag="260" ind1=" " ind2=" ">
    <subfield code="a">Qum al-Muqaddasah :</subfield>
    <subfield code="b">Jamāʻat al-Mudarrisīn fī al-Ḥawzah al-ʻIlmīyah,</subfield>
    <subfield code="c">1362 [1983]</subfield>
  </datafield>
  <datafield tag="300" ind1=" " ind2=" ">
    <subfield code="a">12, 863 p. ;</subfield>
    <subfield code="c">25 cm.</subfield>
  </datafield>
  <datafield tag="651" ind1=" " ind2="0">
    <subfield code="a">Nīshāpūr (Iran)</subfield>
    <subfield code="x">History.</subfield>
  </datafield>
  <datafield tag="700" ind1="1" ind2=" ">
    <subfield code="a">Maḥmūdī, Muḥammad Kāẓim.</subfield>
  </datafield>
  <datafield tag="700" ind1="1" ind2=" ">
    <subfield code="a">Fārisī, ʻAbd al-Ghāfir ibn Ismāʻīl,</subfield>
    <subfield code="d">1059-1134 or 1135.</subfield>
    <subfield code="t">Siyāq li-taʼrīkh Naysābūr.</subfield>
  </datafield>
  <datafield tag="955" ind1=" " ind2=" ">
    <subfield code="b">CU69291144</subfield>
    <subfield code="d">off,glx</subfield>
    <subfield code="e">DS325.N57 S38 1983</subfield>
  </datafield>
</record>
</collection>